@article{einstein,
    author =       "Albert Einstein",
    title =        "{Zur Elektrodynamik bewegter K{\"o}rper}. ({German})
	[{On} the electrodynamics of moving bodies]",
    journal =      "Annalen der Physik",
    volume =       "322",
    number =       "10",
    pages =        "891--921",
    year =         "1905",
    DOI =          "http://dx.doi.org/10.1002/andp.19053221004"
}

@article{alexnet,
    author =       "Alex Krizhevsky and Ilya Sutkever and Geoffrey E. Hinton",
    title =        "ImageNet Classification with Deep Convolutional Neural Networks",
    year =         "2012",
    url =	   "https://machinelearningmastery.com/improve-deep-learning-performance"
}

@book{latexcompanion,
    author    = "Michel Goossens and Frank Mittelbach and Alexander Samarin",
    title     = "The \LaTeX\ Companion",
    year      = "1993",
    publisher = "Addison-Wesley",
    address   = "Reading, Massachusetts"
}

@misc{knuthwebsite,
    author    = "Donald Knuth",
    title     = "Knuth: Computers and Typesetting",
    url       = "http://www-cs-faculty.stanford.edu/\~{}uno/abcde.html"
}

@misc{face_detect,
    url       = "https://github.com/PCJohn/FaceDetect",
    howpublished = {\url{https://github.com/PCJohn/FaceDetect}}
}

@inproceedings{zeiler2014visualizing,
    title={Visualizing and understanding convolutional networks},
    author={Zeiler, Matthew D and Fergus, Rob},
    booktitle={European conference on computer vision},
    pages={818--833},
    year={2014},
    organization={Springer}
}

